@Journal{journal:sage:rer,
  journal   = {Review of Educational Research},
  publisher = {SAGE},
  address   = USA,
  issn      = {0034-6543},
  e-issn    = {1935-1046},
  timestamp = {2016.02.21},
}

@Proceedings{proceedings:ace:2014,
  title     = {Australasian Computing Education Conference},
  edition   = {6},
  booktitle = {Proceedings of the Sixteenth Australasian Computing Education Conference},
  days      = {20--23},
  month     = jan,
  year      = {2014},
  location  = {Auckland, } # NewZealand,
  publisher = {Australian Computer Society},
  address   = {Darlinghurst, } # Australia,
  volume    = {148},
  isbn      = {978-1-921770-31-9},
}

@Proceedings{proceedings:sbes:2021,
  address          = {New York, NY, } # USA,
  booktitle        = {35th Brazilian Symposium on Software Engineering (SBES 2021)},
  days             = {29--1},
  edition          = {35},
  location         = {Joinville, SC, } # Brazil,
  month            = sep,
  publisher        = {ACM},
  title            = {Brazilian Symposium on Software Engineering},
  year             = {2021},
  editor           = {Márcio Ribeiro and Marco Túlio Valente and Christina von Flach G. Chavez and Elisa Yumi Nakagawa and Kiev Santos da Gama and Simone do Rocio Senger de Souza and Ingrid Nunes and Rohit Gheyi},
  isbn             = {978-1-4503-9061-3},
  creationdate     = {2021-10-05T23:36:41},
  modificationdate = {2021-10-05T23:39:28},
}

@Proceedings{proceedings:sbes:2023,
  address          = {New York, NY, } # USA,
  booktitle        = {Proceedings of the XXXVII Brazilian Symposium on Software Engineering},
  edition          = {37},
  location         = {Campo Grande, MS, } # Brazil,
  month            = sep,
  publisher        = {ACM},
  title            = {Brazilian Symposium on Software Engineering},
  year             = {2023},
  isbn             = {9798400707872},
  creationdate     = {2023-11-06T17:22:36},
  modificationdate = {2023-11-06T17:23:25},
}

@Proceedings{proceedings:sbsc:2022,
  address          = {Porto Alegre, RS, } # Brazil,
  booktitle        = {XVII Simpósio Brasileiro de Sistemas Colaborativos},
  days             = {25--29},
  edition          = {17},
  location         = {Rio de Janeiro, RJ, } # Brazil,
  month            = apr,
  publisher        = {SBC},
  title            = {Simpósio Brasileiro de Sistemas Colaborativos},
  year             = {2022},
  creationdate     = {2022-05-17T19:30:56},
  modificationdate = {2022-05-17T19:33:44},
}

