% Encoding: UTF-8
%% This BibTeX bibliography file was created using BibDesk.
%% http://bibdesk.sourceforge.net/

%% Saved with string encoding Unicode (UTF-8)  

@String{--                  = {--}}

@String{Argentine   = {Argentina}}

@STRING{Australia = {Austrália}}

@STRING{Austria = {Áustria}}
@String{Bolivia             = {Bolívia}}

@STRING{Brazil = {Brasil}}
@STRING{India = {Índia}}
@STRING{Singapore = {Singapura}}
@STRING{SouthKorea = {Coréia do Sul}}

@STRING{Canada = {Canadá}}
@String{Chile               = {Chile}}
@String{China               = {China}}
@String{Cyprus              = {Chipre}}
@String{decree              = {Decreto}}
@String{england             = {Inglaterra}}
@String{estonia             = {Estônia}}
@String{experimentalpackage = {Pacote experimental}}

@STRING{Finland = {Finlândia}}

@STRING{France = {França}}

@STRING{Germany = {Alemanha}}

@STRING{Greece = {Grécia}}

@STRING{Indonesia = {|ndonésia}}
@String{ireland             = {Irlanda}}

@STRING{Italy = {Itália}}
@String{law                 = {Lei}}

@STRING{Libya = {Líbia}}
@String{lithuania           = {Lituânia}}
@String{malaysia            = {Malásia}}
@String{monograph           = {Monografia}}

@STRING{Netherlands = {Países Baixos}}
@String{norway              = {Noruega}}
@String{ordinance           = {Portaria}}
@String{Portugal            = {Portugal}}

@STRING{project = {Projeto de Pesquisa}}
@String{researchproject     = {Projeto de pesquisa}}
@String{resolution          = {Resolução}}
@String{Russia              = {Russia}}
@String{serbia              = {Sérvia}}
@String{singapure           = {Singapura}}

@STRING{software = {Programa de computador}}
@String{Spain       = {Espanha}}

@STRING{standard = {Padrão}}
@String{sweden              = {Suécia}}
@String{switzerland         = {Suiça}}

@STRING{talk = {Palestra}}
@String{turkey              = {Turquia}}
@String{tutorial            = {Tutorial}}
@String{twain               = {Taiwan (China)}}

@STRING{UAE = {United Arab Emirates}}

@STRING{UK = {Reino Unido}}
@String{uruguay             = {Uruguai}}

@STRING{USA = {EUA}}

@STRING{web = {Página Web}}

@STRING{Webpage = {Página Web}}
